@article{Coquand1988,
 author = {Coquand, Thierry and Huet, Gerard},
 title = {The Calculus of Constructions},
 journal = {Inf. Comput.},
 issue_date = {February/March 1988},
 volume = {76},
 number = {2-3},
 month = feb,
 year = {1988},
 issn = {0890-5401},
 pages = {95--120},
 numpages = {26},
 url = {http://dx.doi.org/10.1016/0890-5401(88)90005-3},
 doi = {10.1016/0890-5401(88)90005-3},
 acmid = {47725},
 publisher = {Academic Press, Inc.},
 address = {Duluth, MN, USA},
}
